% bmc_article.bib
% 
%  An example of bibtex entries.
%  Entries taken from BMC instructions for authors page.

@article{stransky2006regional,
  title={Regional copy number--independent deregulation of transcription in cancer},
  author={Stransky, N. and Vallot, C. and Reyal, F. and Bernard-Pierrot, I. and de Medina, S.G.D. and Segraves, R. and de Rycke, Y. and Elvin, P. and Cassidy, A. and Spraggon, C. and others},
  journal={Nature genetics},
  volume={38},
  number={12},
  pages={1386--1396},
  year={2006},
  publisher={Nature Publishing Group}
}

@article{calzone2006biocham,
  title={BIOCHAM: an environment for modeling biological systems and formalizing experimental knowledge},
  author={Calzone, L. and Fages, F. and Soliman, S.},
  journal={Bioinformatics},
  volume={22},
  number={14},
  pages={1805--1807},
  year={2006},
  publisher={Oxford Univ Press}
}

@article{mi2010panther,
  title={PANTHER version 7: improved phylogenetic trees, orthologs and collaboration with the Gene Ontology Consortium},
  author={Mi, H. and Dong, Q. and Muruganujan, A. and Gaudet, P. and Lewis, S. and Thomas, P.D.},
  journal={Nucleic acids research},
  volume={38},
  number={suppl 1},
  pages={D204},
  year={2010},
  publisher={Oxford Univ Press}
}

@article{gleiss2001relevant,
  title={Relevant cycles in chemical reaction networks},
  author={Gleiss, P.M. and Stadler, P.F. and Wagner, A. and Fell, D.A.},
  journal={Advances in complex systems},
  volume={4},
  number={2/3},
  pages={207--226},
  year={2001},
  publisher={Citeseer}
}

@article{vismara1997union,
  title={Union of all the minimum cycle bases of a graph},
  author={Vismara, P.},
  journal={Electr. J. Comb},
  volume={4},
  number={1},
  pages={73--87},
  year={1997}
}

@inproceedings{tarjan1972depth,
  title={Depth-first search and linear graph algorithms},
  author={Tarjan, R.},
  booktitle={Switching and Automata Theory, 1971., 12th Annual Symposium on},
  pages={114--121},
  year={1972},
  organization={IEEE}
}

@article{broder2000graph,
  title={Graph structure in the web},
  author={Broder, A. and Kumar, R. and Maghoul, F. and Raghavan, P. and Rajagopalan, S. and Stata, R. and Tomkins, A. and Wiener, J.},
  journal={Computer networks},
  volume={33},
  number={1-6},
  pages={309--320},
  year={2000},
  publisher={Elsevier}
}

@article{novak1998model,
  title={Model scenarios for evolution of the eukaryotic cell cycle},
  author={Novak, B. and Csikasz-Nagy, A. and Gyorffy, B. and Nasmyth, K. and Tyson, J.J.},
  journal={Philosophical Transactions of the Royal Society of London. Series B: Biological Sciences},
  volume={353},
  number={1378},
  pages={2063},
  year={1998},
  publisher={The Royal Society}
}

@article{hucka2003systems,
  title={The systems biology markup language (SBML): a medium for representation and exchange of biochemical network models},
  author={Hucka, M. and Finney, A. and Sauro, H.M. and Bolouri, H. and Doyle, J.C. and Kitano, H. and Arkin, AP and Bornstein, B.J. and Bray, D. and Cornish-Bowden, A. and others},
  journal={Bioinformatics},
  volume={19},
  number={4},
  pages={524},
  year={2003},
  publisher={Oxford Univ Press}
}

@article{le2009systems,
  title={The systems biology graphical notation},
  author={Le Nov{\`e}re, N. and Hucka, M. and Mi, H. and Moodie, S. and Schreiber, F. and Sorokin, A. and Demir, E. and Wegner, K. and Aladjem, M.I. and Wimalaratne, S.M. and others},
  journal={Nature biotechnology},
  volume={27},
  number={8},
  pages={735--741},
  year={2009},
  publisher={Nature Publishing Group}
}

@misc{funahashi2003celldesigner,
  title={CellDesigner: a process diagram editor for gene-regulatory and biochemical networks},
  author={Funahashi, A. and Tanimura, N. and Morohashi, M. and Kitano, H.},
  year={2003},
  publisher={Biosilico}
}

@article{le2006biomodels,
  title={BioModels Database: a free, centralized database of curated, published, quantitative kinetic models of biochemical and cellular systems},
  author={Le Novere, N. and Bornstein, B. and Broicher, A. and Courtot, M. and Donizelli, M. and Dharuri, H. and Li, L. and Sauro, H. and Schilstra, M. and Shapiro, B. and others},
  journal={Nucleic acids research},
  volume={34},
  number={suppl 1},
  pages={D689},
  year={2006},
  publisher={Oxford Univ Press}
}

@article{joshi2005reactome,
  title={Reactome: a knowledgebase of biological pathways},
  author={Joshi-Tope, G. and Gillespie, M. and Vastrik, I. and D'Eustachio, P. and Schmidt, E. and de Bono, B. and Jassal, B. and Gopinath, GR and Wu, GR and Matthews, L. and others},
  journal={Nucleic acids research},
  volume={33},
  number={suppl 1},
  pages={D428},
  year={2005},
  publisher={Oxford Univ Press}
}

@article{zanzoni2002mint,
  title={MINT: a Molecular INTeraction database},
  author={Zanzoni, A. and Montecchi-Palazzi, L. and Quondam, M. and Ausiello, G. and Helmer-Citterich, M. and Cesareni, G.},
  journal={FEBS letters},
  volume={513},
  number={1},
  pages={135--140},
  year={2002},
  publisher={Elsevier}
}

@article{klipp2007systems,
  title={Systems biology standards--the community speaks.},
  author={Klipp, E. and Liebermeister, W. and Helbig, A. and Kowald, A. and Schaber, J.},
  journal={Nature biotechnology},
  volume={25},
  number={4},
  pages={390},
  year={2007}
}

@article{mi2011biopax,
  title={BioPAX Support in CellDesigner},
  author={Mi, H. and Muruganujan, A. and Demir, E. and Matsuoka, Y. and Funahashi, A. and Kitano, H. and Thomas, P.D.},
  journal={Bioinformatics},
  year={2011},
  publisher={Oxford Univ Press}
}

@article{zinovyev2008binom,
  title={BiNoM: a Cytoscape plugin for manipulating and analyzing biological networks},
  author={Zinovyev, A. and Viara, E. and Calzone, L. and Barillot, E.},
  journal={Bioinformatics},
  volume={24},
  number={6},
  pages={876},
  year={2008},
  publisher={Oxford Univ Press}
}

@article{calzone2008comprehensive,
  title={A comprehensive modular map of molecular interactions in RB/E2F pathway},
  author={Calzone, L. and Gelay, A. and Zinovyev, A. and Radvanyl, F. and Barillot, E.},
  journal={Molecular systems biology},
  volume={4},
  number={1},
  year={2008},
  publisher={Nature Publishing Group}
}



@article{demir2010biopax,
  title={The BioPAX community standard for pathway data sharing},
  author={Demir, E. and Cary, M.P. and Paley, S. and Fukuda, K. and Lemer, C. and Vastrik, I. and Wu, G. and D'Eustachio, P. and Schaefer, C. and Luciano, J. and others},
  journal={Nature biotechnology},
  volume={28},
  number={9},
  pages={935--942},
  year={2010},
  publisher={Nature Publishing Group}
}


@article{cline2007integration,
  title={Integration of biological networks and gene expression data using Cytoscape},
  author={Cline, M.S. and Smoot, M. and Cerami, E. and Kuchinsky, A. and Landys, N. and Workman, C. and Christmas, R. and Avila-Campilo, I. and Creech, M. and Gross, B. and others},
  journal={NATURE PROTOCOLS-ELECTRONIC EDITION-},
  volume={2},
  number={10},
  pages={2366},
  year={2007},
  publisher={Nature Publishing Group}
}


@article{blank,
	author  = {}, 
	title   = {},
	journal = {}, 
	year  = {},
	  month = {}, 
	  volume= {}, 
	  number= {}, 
	  pages = {},
	  note  = {} 
}	

@incollection{binomBookChapter,
  author =   "Bonnet, E. and Calzone, L. and Rovera, D. and Stoll, G. and Barillot, E. and Zynoviev, A.",
  title =  "Practical use of BiNoM, a Biological Network Manager software.",
  booktitle =  "In silico Systems Biology: A systems-based approach to understanding biological processes",
  editor =   "Vicky Schneider",
  address =  "NY",
  publisher =  "Humana Press",
  year =   2012,
  chapter =  "",
  pages =  "in press"
}

% Article within a journal
@ARTICLE{koon,
	author  = {Koonin, E V and Altschul, S F and P Bork}, 
	title   = {BRCA1 protein products: functional motifs}, 
	journal = {Nat Genet}, 
	year    = {1996},
	volume  = {13}, 
	pages   = {266-267}
}	

% Article within a journal supplement
@ARTICLE{oreg,
	author  = {Orengo, C A and Bray, J E and Hubbard, 
		   T and LoConte, L and Sillitoe, I}, 
	title   = {Analysis and assessment of ab initio 
		   three-dimensional prediction, secondary 
		   structure, and contacts prediction},
	journal = {Proteins}, 
	year    = {1999},
	volume  = {Suppl 3}, 
	pages   = {149-170}
}	

% In press article
@inpress{khar,
	author  = {Kharitonov, S A and Barnes, P J}, 
	title   = {Clinical aspects of exhaled nitric oxide},
	journal = {Eur Respir J}, 
	note    = {in press} 
}	

%
% Published abstract
%
@ARTICLE{zvai,
	author  = {Zvaifler, N J and Burger, J A and Marinova-Mutafchieva, 
		   L and Taylor, P and Maini, R N},
	title   = {Mesenchymal cells, stromal derived factor-1 and 
		   rheumatoid arthritis [abstract]},
	journal = {Arthritis Rheum}, 
	year    = {1999},
	volume  = {42}, 
	pages   = {s250},
}	


%
% Article within conference proceedings
%
@Inproceedings{xjon,
	author    = {X Jones}, 
	title     = {Zeolites and synthetic mechanisms},
	booktitle = {Proceedings of the First National Conference on 
		     Porous Sieves: 27-30 June 1996; Baltimore},
	year      = {1996},
	  editor  = {Y Smith}, 
	  pages   = {16-27},
	  organization  = {Stoneham: Butterworth-Heinemann}
}	

%%%%%%%%
%  Book chapter, or article within a book
%
@incollection{schn,
	author    = {E Schnepf}, 
	title     = {From prey via endosymbiont to plastids: 
		     comparative studies in dinoflagellates},
	booktitle = {Origins of Plastids}, 
	editor    = {R A Lewin}, 
	publisher = {Chapman and Hall},
	pages     = {53-76}, 
	year      = {1993},
	  address = {New York}, 
	  volume  = {2}, 
	  edition = {2nd} 
}	

%%%%%%%%
% Whole issue of journal
%
@wholejournal{pond,
	editor  = {B Ponder and S Johnston and L Chodosh}, 
	title   = {Innovative oncology},
	journal = {Breast Cancer Res}, 
	year  = {1998},
	  volume= {10}, 
	  pages = {1-72}
}	


%%%%%%%%
% Whole conference proceedings
%
@proceedings{smith,
	editor  = {Y Smith}, 
	title   = {Proceedings of the First National Conference
		   on Porous Sieves: 27-30 June 1996; Baltimore},
	year = 1996,
	  address= {Stoneham}, 
	  publisher = {Butterworth-Heinemann},
}	


%%%%%%%%
% Complete book
%
@book{marg,
	author    = {L Margulis}, 
	title     = {Origin of Eukaryotic Cells},
	publisher = {Yale University Press}, 
	year      = {1970},
	address   = {New Haven} 
}

%%%%%%%%
% Monograph or book in series 
%
@incollection{hunn,
	author    = {G W Hunninghake and J E Gadek}, 
	title     = {The alveloar macrophage},
	booktitle = {Cultured Human Cells and Tissues},
	publisher = {Academic Press}, 
	year      = {1995},
  pages      = {54-56},
	  editor   = {T J R Harris}, 
	  address  = {New York}, 
	  note     = {Stoner G (Series Editor): Methods and Perspectives in Cell Biology, vol 1} 
}

%%%%%%%%
% Book with institutional author
@manual{advi,
	  title   = {Annual Report}, 
	    organization  = {Advisory Committee on Genetic Modification}, 
	    address = {London},
	    year    = {1999}
}

%%%%%%%%
% PHD Thesis
%
@phdthesis{koha,
	author = {R Kohavi}, 
	title  = {Wrappers for performance enhancement and
		  obvious decision graphs},
	school = {Stanford University, Computer Science Department},
	year   = {1995}
}

%%%%%%%%
% Webpage Link / URL
%
@webpage{mouse,
	title  = {The Mouse Tumor Biology Database},
	url = {http://tumor.informatics.jax.org/cancer_links.html}
}
