% This file was created with JabRef 2.10.
% Encoding: Cp1252

@article{erickson2013blood,
  title={Blood--brain barrier dysfunction as a cause and consequence of Alzheimer’s disease},
  author={Erickson, Michelle A and Banks, William A},
  journal={Journal of Cerebral Blood Flow \& Metabolism},
  volume={33},
  number={10},
  pages={1500--1513},
  year={2013},
  publisher={Nature Publishing Group}
}

@article{lukiw2010inflammatory,
  title={Inflammatory, apoptotic, and survival gene signaling in Alzheimer’s disease},
  author={Lukiw, Walter J and Bazan, Nicolas G},
  journal={Molecular Neurobiology},
  volume={42},
  number={1},
  pages={10--16},
  year={2010},
  publisher={Springer}
}

@article{hokama2013altered,
  title={Altered expression of diabetes-related genes in Alzheimer's disease brains: the Hisayama study},
  author={Hokama, Masaaki and Oka, Sugako and Leon, Julio and Ninomiya, Toshiharu and Honda, Hiroyuki and Sasaki, Kensuke and Iwaki, Toru and Ohara, Tomoyuki and Sasaki, Tomio and LaFerla, Frank M and others},
  journal={Cerebral Cortex},
  pages={bht101},
  year={2013},
  publisher={Oxford Univ Press}
}

@Article{Arakawa2005,
  Title                    = {KEGG-based pathway visualization tool for complex omics data},
  Author                   = {Arakawa, Kazuharu and Kono, Nobuaki and Yamada, Yohei and Mori, Hirotada and Tomita, Masaru},
  Journal                  = {In Silico Biol},
  Year                     = {2005},
  Number                   = {4},
  Pages                    = {419--423},
  Volume                   = {5},
  Institution              = {Institute for Advanced Biosciences, Keio University, Endo 5322, Fujisawa, Kanagawa 252-8520, Japan.},
  Language                 = {eng},
  Medline-pst              = {ppublish},
  Owner                    = {zinovyev},
  Pii                      = {2005050039},
  Pmid                     = {16268787},
  Timestamp                = {2015.01.28}
}

@Article{aurenhammer1991voronoi,
  Title                    = {Voronoi diagrams: a survey of a fundamental geometric data structure},
  Author                   = {Aurenhammer, Franz},
  Journal                  = {ACM Computing Surveys (CSUR)},
  Year                     = {1991},
  Number                   = {3},
  Pages                    = {345--405},
  Volume                   = {23},

  Publisher                = {ACM}
}

@Book{Barillot2012,
  Title                    = {Computational Systems Biology of Cancer},
  Author                   = {Barillot, E. and Calzone, L. and Hupe, P. and Vert, J.-P. and Zinovyev, A.},
  Publisher                = {Chapman \& Hall, CRC Mathematical \& Computational Biology},
  Year                     = {2012},
  Address                   = {6000 Broken Sound Parkway NW, suite 300, Boca Raton, FL 33487-2742},

  Owner                    = {zinovyev},
  Timestamp                = {2015.01.29}
}

@Article{barretina2012cancer,
  Title                    = {The Cancer Cell Line Encyclopedia enables predictive modelling of anticancer drug sensitivity},
  Author                   = {Barretina, Jordi and Caponigro, Giordano and Stransky, Nicolas and Venkatesan, Kavitha and Margolin, Adam A and Kim, Sungjoon and Wilson, Christopher J and Leh{\'a}r, Joseph and Kryukov, Gregory V and Sonkin, Dmitriy and others},
  Journal                  = {Nature},
  Year                     = {2012},
  Number                   = {7391},
  Pages                    = {603--607},
  Volume                   = {483},

  Publisher                = {Nature Publishing Group}
}

@Article{calzone2008comprehensive,
  Title                    = {A comprehensive modular map of molecular interactions in RB/E2F pathway},
  Author                   = {Calzone, Laurence and Gelay, Am{\'e}lie and Zinovyev, Andrei and Radvanyi, Fran{\c{c}}ois and Barillot, Emmanuel},
  Journal                  = {Molecular Systems Biology},
  Year                     = {2008},
  Number                   = {1},
  Volume                   = {4},

  Publisher                = {Wiley Online Library}
}

@Article{Chu2001,
  Title                    = {GeneSpring: tools for analyzing microarray expression data},
  Author                   = {Chu, L. and Scharf, E. and Kondo, T.},
  Journal                  = {Genome Info},
  Year                     = {2001},
  Pages                    = {227--229},
  Volume                   = {12},

  Owner                    = {zinovyev},
  Timestamp                = {2015.01.29}
}

@Article{Croft2014,
  Title                    = {The Reactome pathway knowledgebase},
  Author                   = {Croft, David and Mundo, Antonio Fabregat and Haw, Robin and Milacic, Marija and Weiser, Joel and Wu, Guanming and Caudy, Michael and Garapati, Phani and Gillespie, Marc and Kamdar, Maulik R. and Jassal, Bijay and Jupe, Steven and Matthews, Lisa and May, Bruce and Palatnik, Stanislav and Rothfels, Karen and Shamovsky, Veronica and Song, Heeyeon and Williams, Mark and Birney, Ewan and Hermjakob, Henning and Stein, Lincoln and D'Eustachio, Peter},
  Journal                  = {Nucleic Acids Res},
  Year                     = {2014},
  Number                   = {Database issue},
  Pages                    = {D472--D477},
  Volume                   = {42},
  Doi                      = {10.1093/nar/gkt1102},
  Keywords                 = {Databases, Protein; Disease; Humans; Internet; Knowledge Bases; Metabolic Networks and Pathways; Proteins, metabolism},
  Language                 = {eng},
  Medline-pst              = {ppublish},
  Owner                    = {zinovyev},
  Pii                      = {gkt1102},
  Pmid                     = {24243840},
  Timestamp                = {2015.01.28},
  Url                      = {http://dx.doi.org/10.1093/nar/gkt1102}
}

@Article{demir2002patika,
  Title                    = {PATIKA: an integrated visual environment for collaborative construction and analysis of cellular pathways},
  Author                   = {Demir, Emek and Babur, Ozgun and Dogrusoz, U and Gursoy, A and Nisanci, Gurkan and Cetin-Atalay, Renguel and Ozturk, Mehmet},
  Journal                  = {Bioinformatics},
  Year                     = {2002},
  Number                   = {7},
  Pages                    = {996--1003},
  Volume                   = {18},

  Publisher                = {Oxford Univ Press}
}

@Article{fielding2002principled,
  Title                    = {Principled design of the modern Web architecture},
  Author                   = {Fielding, Roy T and Taylor, Richard N},
  Journal                  = {ACM Transactions on Internet Technology (TOIT)},
  Year                     = {2002},
  Number                   = {2},
  Pages                    = {115--150},
  Volume                   = {2},

  Publisher                = {ACM}
}

@Article{Funahashi2008,
  Title                    = {CellDesigner 3.5: A Versatile Modeling Tool for Biochemical Networks},
  Author                   = {Funahashi, A. and Matsuoka, Y. and Jouraku, A. and Morohashi, M. and Kikuchi, N. and Kitano, H.},
  Journal                  = {Proceedings of the IEEE},
  Year                     = {2008},
  Number                   = {8},
  Pages                    = {1254-1265},
  Volume                   = {96},

  Owner                    = {zinovyev},
  Timestamp                = {2015.01.29}
}

@Article{Gehlenborg2010,
  Title                    = {Visualization of omics data for systems biology},
  Author                   = {Gehlenborg, Nils and O'Donoghue, Se{\'{a}}n I. and Baliga, Nitin S. and Goesmann, Alexander and Hibbs, Matthew A. and Kitano, Hiroaki and Kohlbacher, Oliver and Neuweger, Heiko and Schneider, Reinhard and Tenenbaum, Dan and Gavin, Anne-Claude},
  Journal                  = {Nat Methods},
  Year                     = {2010},

  Month                    = {Mar},
  Number                   = {3 Suppl},
  Pages                    = {S56--S68},
  Volume                   = {7},
  Doi                      = {10.1038/nmeth.1436},
  Institution              = {European Bioinformatics Institute, Cambridge, UK.},
  Keywords                 = {Genomics; Image Processing, Computer-Assisted; Mass Spectrometry; Metabolomics; Nuclear Magnetic Resonance, Biomolecular; Protein Binding; Proteomics; Systems Biology},
  Language                 = {eng},
  Medline-pst              = {ppublish},
  Owner                    = {zinovyev},
  Pii                      = {nmeth.1436},
  Pmid                     = {20195258},
  Timestamp                = {2015.01.28},
  Url                      = {http://dx.doi.org/10.1038/nmeth.1436}
}

@Article{ghosh2011software,
  Title                    = {Software for systems biology: from tools to integrated platforms},
  Author                   = {Ghosh, Samik and Matsuoka, Yukiko and Asai, Yoshiyuki and Hsin, Kun-Yi and Kitano, Hiroaki},
  Journal                  = {Nature Reviews Genetics},
  Year                     = {2011},
  Number                   = {12},
  Pages                    = {821--832},
  Volume                   = {12},

  Publisher                = {Nature Publishing Group}
}

@Article{Hokama2014,
  Title                    = {Altered expression of diabetes-related genes in Alzheimer's disease brains: the Hisayama study},
  Author                   = {Hokama, Masaaki and Oka, Sugako and Leon, Julio and Ninomiya, Toshiharu and Honda, Hiroyuki and Sasaki, Kensuke and Iwaki, Toru and Ohara, Tomoyuki and Sasaki, Tomio and LaFerla, Frank M. and Kiyohara, Yutaka and Nakabeppu, Yusaku},
  Journal                  = {Cereb Cortex},
  Year                     = {2014},

  Month                    = {Sep},
  Number                   = {9},
  Pages                    = {2476--2488},
  Volume                   = {24},
  Doi                      = {10.1093/cercor/bht101},
  Institution              = {Division of Neurofunctional Genomics, Department of Immunobiology and Neuroscience, Medical Institute of Bioregulation, Research Center for Nucleotide Pool.},
  Language                 = {eng},
  Medline-pst              = {ppublish},
  Owner                    = {zinovyev},
  Pii                      = {bht101},
  Pmid                     = {23595620},
  Timestamp                = {2015.01.29},
  Url                      = {http://dx.doi.org/10.1093/cercor/bht101}
}

@Article{Kanehisa2012,
  Title                    = {KEGG for integration and interpretation of large-scale molecular data sets},
  Author                   = {Kanehisa, Minoru and Goto, Susumu and Sato, Yoko and Furumichi, Miho and Tanabe, Mao},
  Journal                  = {Nucleic Acids Res},
  Year                     = {2012},

  Number                   = {Database issue},
  Pages                    = {D109--D114},
  Volume                   = {40},

  Doi                      = {10.1093/nar/gkr988},
  Institution              = {Bioinformatics Center, Institute for Chemical Research, Kyoto University, Uji, Kyoto 611-0011, Japan. kanehisa@kuicr.kyoto-u.ac.jp},
  Keywords                 = {Computational Biology; Databases, Factual; Disease; Genomics; Humans; Knowledge Bases; Molecular Sequence Annotation; Pharmacological Phenomena; Software; Systems Integration},
  Language                 = {eng},
  Medline-pst              = {ppublish},
  Owner                    = {zinovyev},
  Pii                      = {gkr988},
  Pmid                     = {22080510},
  Timestamp                = {2015.01.28},
  Url                      = {http://dx.doi.org/10.1093/nar/gkr988}
}

@Article{karp2005expansion,
  Title                    = {Expansion of the BioCyc collection of pathway/genome databases to 160 genomes},
  Author                   = {Karp, Peter D and Ouzounis, Christos A and Moore-Kochlacs, Caroline and Goldovsky, Leon and Kaipa, Pallavi and Ahr{\'e}n, Dag and Tsoka, Sophia and Darzentas, Nikos and Kunin, Victor and L{\'o}pez-Bigas, N{\'u}ria},
  Journal                  = {Nucleic Acids Research},
  Year                     = {2005},
  Number                   = {19},
  Pages                    = {6083--6089},
  Volume                   = {33},

  Publisher                = {Oxford Univ Press}
}

@Article{kuperstein2013navicell,
  Title                    = {NaviCell: a web-based environment for navigation, curation and maintenance of large molecular interaction maps},
  Author                   = {Kuperstein, Inna and Cohen, David PA and Pook, Stuart and Viara, Eric and Calzone, Laurence and Barillot, Emmanuel and Zinovyev, Andrei},
  Journal                  = {BMC Systems Biology},
  Year                     = {2013},
  Number                   = {1},
  Pages                    = {100},
  Volume                   = {7},

  Publisher                = {BioMed Central Ltd}
}

@Article{Kuperstein2015,
  Title                    = {The shortest path is not the one you know: application of biological network resources in precision oncology research},
  Author                   = {Kuperstein, I. and Grieco, L. and Cohen, D. and Thieffry, D. and Zinovyev, A. and Barillot E.},
  Journal                  = {Mutagenesis},
  Year                     = {2015},
  Volume                   = {In press},

  Owner                    = {zinovyev},
  Timestamp                = {2015.01.29}
}

@Article{LeNovere2009,
  Title                    = {The Systems Biology Graphical Notation},
  Author                   = {{Le Nov{\`{e}}re}, Nicolas and Hucka, Michael and Mi, Huaiyu and Moodie, Stuart and Schreiber, Falk and Sorokin, Anatoly and Demir, Emek and Wegner, Katja and Aladjem, Mirit I. and Wimalaratne, Sarala M. and Bergman, Frank T. and Gauges, Ralph and Ghazal, Peter and Kawaji, Hideya and Li, Lu and Matsuoka, Yukiko and Vill{\'{e}}ger, Alice and Boyd, Sarah E. and Calzone, Laurence and Courtot, Melanie and Dogrusoz, Ugur and Freeman, Tom C. and Funahashi, Akira and Ghosh, Samik and Jouraku, Akiya and Kim, Sohyoung and Kolpakov, Fedor and Luna, Augustin and Sahle, Sven and Schmidt, Esther and Watterson, Steven and Wu, Guanming and Goryanin, Igor and Kell, Douglas B. and Sander, Chris and Sauro, Herbert and Snoep, Jacky L. and Kohn, Kurt and Kitano, Hiroaki},
  Journal                  = {Nat Biotechnol},
  Year                     = {2009},

  Month                    = {Aug},
  Number                   = {8},
  Pages                    = {735--741},
  Volume                   = {27},

  __markedentry            = {[zinovyev:6]},
  Doi                      = {10.1038/nbt.1558},
  Institution              = {EMBL European Bioinformatics Institute, Hinxton, UK. lenov@ebi.ac.uk},
  Keywords                 = {Computer Graphics, history; History, 20th Century; Internet; Software; Systems Biology, history},
  Language                 = {eng},
  Medline-pst              = {ppublish},
  Owner                    = {zinovyev},
  Pii                      = {nbt.1558},
  Pmid                     = {19668183},
  Timestamp                = {2015.01.29},
  Url                      = {http://dx.doi.org/10.1038/nbt.1558}
}

@Article{letunic2008ipath,
  Title                    = {iPath: interactive exploration of biochemical pathways and networks},
  Author                   = {Letunic, Ivica and Yamada, Takuji and Kanehisa, Minoru and Bork, Peer},
  Journal                  = {Trends in Biochemical Sciences},
  Year                     = {2008},
  Number                   = {3},
  Pages                    = {101--103},
  Volume                   = {33},

  Publisher                = {Elsevier}
}

@Article{Luo2013,
  Title                    = {Pathview: an R/Bioconductor package for pathway-based data integration and visualization},
  Author                   = {Luo, Weijun and Brouwer, Cory},
  Journal                  = {Bioinformatics},
  Year                     = {2013},

  Month                    = {Jul},
  Number                   = {14},
  Pages                    = {1830--1831},
  Volume                   = {29},
  Doi                      = {10.1093/bioinformatics/btt285},
  Institution              = {Department of Bioinformatics and Genomics, UNC Charlotte, Charlotte, NC 28223, USA. luo_weijun@yahoo.com},
  Keywords                 = {Computer Graphics; Gene Expression; Metabolic Networks and Pathways; Signal Transduction; Software; Systems Integration},
  Language                 = {eng},
  Medline-pst              = {ppublish},
  Owner                    = {zinovyev},
  Pii                      = {btt285},
  Pmid                     = {23740750},
  Timestamp                = {2015.01.28},
  Url                      = {http://dx.doi.org/10.1093/bioinformatics/btt285}
}

@Article{Mizuno2012,
  Title                    = {AlzPathway: a comprehensive map of signaling pathways of Alzheimer's disease},
  Author                   = {Mizuno, Satoshi and Iijima, Risa and Ogishima, Soichi and Kikuchi, Masataka and Matsuoka, Yukiko and Ghosh, Samik and Miyamoto, Tadashi and Miyashita, Akinori and Kuwano, Ryozo and Tanaka, Hiroshi},
  Journal                  = {BMC Syst Biol},
  Year                     = {2012},
  Pages                    = {52},
  Volume                   = {6},
  Doi                      = {10.1186/1752-0509-6-52},
  Institution              = {Department of Bioinformatics, Tokyo Medical and Dental University, Yushima 1-5-45, Tokyo, 113-8510, Japan.},
  Keywords                 = {Alzheimer Disease, genetics/pathology; Genetic Predisposition to Disease; Humans; Internet; Oligonucleotide Array Sequence Analysis; Sequence Analysis, RNA; Signal Transduction; Systems Biology, methods},
  Language                 = {eng},
  Medline-pst              = {epublish},
  Owner                    = {zinovyev},
  Pii                      = {1752-0509-6-52},
  Pmid                     = {22647208},
  Timestamp                = {2015.01.29},
  Url                      = {http://dx.doi.org/10.1186/1752-0509-6-52}
}

@article{TCGA2011Ovarian,
  title={Integrated genomic analyses of ovarian carcinoma},
  author={The-Cancer-Genome-Atlas-Research-Network},
  journal={Nature},
  volume={474},
  number={7353},
  pages={609--615},
  year={2011},
  publisher={Nature Publishing Group}
}

@Article{Nishida2014,
  Title                    = {KEGGscape: a Cytoscape app for pathway data integration},
  Author                   = {Nishida, Kozo and Ono, Keiichiro and Kanaya, Shigehiko and Takahashi, Koichi},
  Journal                  = {F1000Res},
  Year                     = {2014},
  Pages                    = {144},
  Volume                   = {3},

  Doi                      = {10.12688/f1000research.4524.1},
  Institution              = {Laboratory for Biochemical Simulation, RIKEN Quantitative Biology Center, Osaka, 565-0874, Japan.},
  Language                 = {eng},
  Medline-pst              = {epublish},
  Owner                    = {zinovyev},
  Pmid                     = {25177485},
  Timestamp                = {2015.01.28},
  Url                      = {http://dx.doi.org/10.12688/f1000research.4524.1}
}

@Article{vanIersel2008,
  Title                    = {Presenting and exploring biological pathways with PathVisio},
  Author                   = {{van Iersel}, Martijn P. and Kelder, Thomas and Pico, Alexander R. and Hanspers, Kristina and Coort, Susan and Conklin, Bruce R. and Evelo, Chris},
  Journal                  = {BMC Bioinformatics},
  Year                     = {2008},
  Pages                    = {399},
  Volume                   = {9},
  Doi                      = {10.1186/1471-2105-9-399},
  Institution              = {Department of Bioinformatics, BiGCaT Maastricht University, Universiteitssingel 40, 6229 ER Maastricht, the Netherlands. martijn.vaniersel@bigcat.unimaas.nl},
  Keywords                 = {Algorithms; Computer Graphics; Computer Simulation; Models, Biological; Proteome, metabolism; Signal Transduction, physiology; Software; User-Computer Interface},
  Language                 = {eng},
  Medline-pst              = {epublish},
  Owner                    = {zinovyev},
  Pii                      = {1471-2105-9-399},
  Pmid                     = {18817533},
  Timestamp                = {2015.01.28},
  Url                      = {http://dx.doi.org/10.1186/1471-2105-9-399}
}

