@article{broder2000graph,
  title={Graph structure in the web},
  author={Broder, A. and Kumar, R. and Maghoul, F. and Raghavan, P. and Rajagopalan, S. and Stata, R. and Tomkins, A. and Wiener, J.},
  journal={Computer networks},
  volume={33},
  number={1-6},
  pages={309--320},
  year={2000},
  publisher={Elsevier}
}

@article{broder2000graph,
	author  = {Chen, K. C., Calzone, L., Csikasz-Nagy, A., Cross, F. R., Novak, B., and Tyson, J. J.}, 
	title   = {Integrative analysis of cell cycle control in budding yeast},
	journal = {Mol Biol Cell}, 
	year  = {2004},
	 month = {}, 
	 volume= {15}, 
	 number= {}, 
	 pages = {3841-3862},
	 note  = {} 
}
@article{calzone2008comprehensive,
  title={A comprehensive modular map of molecular interactions in RB/E2F pathway},
  author={Calzone, L. and Gelay, A. and Zinovyev, A. and Radvanyl, F. and Barillot, E.},
  journal={Molecular systems biology},
  volume={4},
  number={1},
  year={2008},
  publisher={Nature Publishing Group}
}

@article{gleiss2001relevant,
  title={Relevant cycles in chemical reaction networks},
  author={Gleiss, P.M. and Stadler, P.F. and Wagner, A. and Fell, D.A.},
  journal={Advances in complex systems},
  volume={4},
  number={2/3},
  pages={207--226},
  year={2001},
  publisher={Citeseer}
}

@article{kitano2005using,
	author  = {Kitano, H., Funahashi, A., Matsuoka, Y., and Oda, K.}, 
	title   = {Using process diagrams for the graphical representation of biological networks},
	journal = {Nat Biotech}, 
	year  = {2005},
	  number= {23}, 
	  pages = {961-966}
}
	
@article{novak1998model,
  title={Model scenarios for evolution of the eukaryotic cell cycle},
  author={Novak, B. and Csikasz-Nagy, A. and Gyorffy, B. and Nasmyth, K. and Tyson, J.J.},
  journal={Philosophical Transactions of the Royal Society of London. Series B: Biological Sciences},
  volume={353},
  number={1378},
  pages={2063},
  year={1998},
  publisher={The Royal Society}
}

@article{shannon2003cytoscape,
	author  = {	Shannon, P., Markiel, A., Ozier, O., Baliga, N. S., Wang, J. T., Ramage, D., Amin, N., Schwikowski, B., and Ideker}, 
	title   = {Cytoscape: a software environment for integrated models of biomolecular interaction networks},
	journal = {Genome Res}, 
	year  = {2003},
	  month = {}, 
	  volume= {}, 
	  number= {13}, 
	  pages = {2498-2504},
	  note  = {} 
}

@article{stromback2005representation,
	author  = {Stromback, L., and Lambrix, P.}, 
	title   = {Representations of molecular pathways an evaluation of SBML},
	journal = {PSI MI and BioPAX. Bioinformatics}, 
	year  = {2005},
	  month = {}, 
	  volume= {}, 
	  number= { 21}, 
	  pages = {4401-4407},
	  note  = {} 
}		

@article{tarjan1972depth,
  title={Depth-first search and linear graph algorithms},
  author={Tarjan, R.},
  booktitle={Switching and Automata Theory, 1971., 12th Annual Symposium on},
  pages={114--121},
  year={1972},
  organization={IEEE}
}

@article{vismara1997union,
  title={Union of all the minimum cycle bases of a graph},
  author={Vismara, P.},
  journal={Electr. J. Comb},
  volume={4},
  number={1},
  pages={73--87},
  year={1997}
}

@article{blank,
	author  = {}, 
	title   = {},
	journal = {}, 
	year  = {},
	  month = {}, 
	  volume= {}, 
	  number= {}, 
	  pages = {},
	  note  = {} 
}	
